%%% Acknowledgement abbreviations:

@String{ack-nhfb = "Nelson H. F. Beebe,
                    University of Utah,
                    Department of Mathematics, 110 LCB,
                    155 S 1400 E RM 233,
                    Salt Lake City, UT 84112-0090, USA,
                    Tel: +1 801 581 5254,
                    FAX: +1 801 581 4148,
                    e-mail: \path|beebe@math.utah.edu|,
                            \path|beebe@acm.org|,
                            \path|beebe@computer.org| (Internet),
                    URL: \path|http://www.math.utah.edu/~beebe/|"}

%%% Journal abbreviations:

@String{j-LECT-NOTES-COMP-SCI   = "Lecture Notes in Computer Science"}

%%% Publishers and their addresses:

@String{pub-PH                  = "Pren{\-}tice-Hall"}
@String{pub-PH:adr              = "Englewood Cliffs, NJ 07632, USA"}


%%% Bibliography entries

@Article{Eisenberg:2002:SXM,
  author =       "Andrew Eisenberg and Jim Melton",
  title =        "{SQL\slash XML} is making good progress",
  journal =      "SIGMOD",
  volume =       "31",
  number =       "2",
  pages =        "101--108",
  month =        jun,
  year =         "2002",
  bibdate =      "Mon Jan 12 07:43:34 MST 2004",
  bibsource =    "http://portal.acm.org/",
  acknowledgement = ack-nhfb,
}

@Article{Elmasri:2002:CMC,
  author =       "Ramez Elmasri and Yu-Chi Wu and Babak Hojabri and
                 Charley Li and Jack Fu",
  title =        "Conceptual Modeling for Customized {XML} Schemas",
  journal =      j-LECT-NOTES-COMP-SCI,
  volume =       "2503",
  pages =        "429--??",
  year =         "2002",
  CODEN =        "LNCSD9",
  ISSN =         "0302-9743",
  bibdate =      "Sat Nov 30 20:57:43 MST 2002",
  bibsource =    "http://link.springer-ny.com/link/service/series/0558/tocs/t2503.htm",
  URL =          "http://link.springer.de/link/service/series/0558/bibs/2503/25030429.htm;
                 http://link.springer.de/link/service/series/0558/papers/2503/25030429.pdf",
  acknowledgement = ack-nhfb,
}

@Book{Goldfarb:2002:CFG,
  author =       "Charles F. Goldfarb and Paul Prescod",
  title =        "{Charles F. Goldfarb}'s {XML} handbook",
  publisher =    pub-PH,
  address =      pub-PH:adr,
  edition =      "Fourth",
  pages =        "lvii + 1147",
  year =         "2002",
  ISBN =         "0-13-065198-2",
  ISBN-13 =      "978-0-13-065198-3",
  LCCN =         "QA76.76.H94 G65 2002",
  bibdate =      "Fri Sep 13 06:33:58 MDT 2002",
  series =       "Charles F. Goldfarb definitive XML series",
  acknowledgement = ack-nhfb,
  keywords =     "XML (document markup language)",
}

@misc{bworld,
  author = {Ingo LÃ¼tkebohle},
  title = {{BWorld Robot Control Software}},
  howpublished = "\url{http://aiweb.techfak.uni-bielefeld.de/content/bworld-robot-control-software/}",
  year = {2008}, 
  note = "[Online; accessed 19-July-2008]"
}

% howpublished =  "\url{https://www.forbes.com/sites/bernardmarr/2018/05/21/how-much-data-do-we-create-every-day-the-mind-blowing-stats-everyone-should-read/#2f2622d560ba/}",
@Article{Forbes:2018:FBS,
author =        {Bernard Marr},
title =         {How Much Data Do We Create Every Day? The Mind-Blowing Stats Everyone Should Read},
url =           "https://www.forbes.com/sites/bernardmarr/2018/05/21/how-much-data-do-we-create-every-day-the-mind-blowing-stats-everyone-should-read/#2f2622d560ba/",
year =          {2018},
note =          "[accessed June 20, 2020]",
}

% @Article{PCOSS:2014:P,
% author =        {Tal Grinshpoun, Hagai Ilani, Elad Shufan},
% title =         {Partially-Concurrent Open Shop Scheduling},
% howpublished =  "\url{https://www.researchgate.net/publication/281837610\_Partially-Concurrent\_Open\_Shop\_Scheduling}",
% year =          {2014},
% note =          "[accessed June 20, 2020]",
% }

@inproceedings{grinshpoun2014partially,
  title={Partially-concurrent open shop scheduling},
  author={Grinshpoun, Tal and Ilani, Hagai and Shufan, Elad},
  booktitle={Proceedings of the 10th international conference of the practice and theory of automated timetabling (PATAT)},
  pages={188--201},
  year={2014}
}

@Article{MW:TAB,
title =         {Merriam-Webster tabular definition},
howpublished =  "\url{https://www.merriam-webster.com/dictionary/tabular}",
note =          "[accessed June 20, 2020]",
}

@Article{P:DF,
title =         {pandas DataFrame reference},
howpublished =  "\url{https://pandas.pydata.org/docs/reference/frame.html}",
}

@Article{PSQL:TAB,
title =         {PostgreSQL: Documentation: 13: Appendix M. Glossary},
howpublished =  "\url{https://www.postgresql.org/docs/13/glossary.html}",
}

% @Article{FourDecades:2020:X,
% title =         {Four decades of research on the open-shop scheduling problem to minimize the makespan},
% author =        {Mohammad Mahdi Ahmadian, Mostafa Khatami, Amir Salehipour, T. C. E. Cheng},
% howpublished =  "\url{https://www.researchgate.net/publication/342572977_Four_Decades_of_Research_on_the_Open-Shop_Scheduling_Problem_to_Minimize_the_Make-span}",
% year =          {2020},
% note =          "[accessed June 20, 2020]",
% }

@article{ahmadian2020four,
  title={Four Decades of Research on the Open-Shop Scheduling Problem to Minimize the Make-span},
  author={Ahmadian, Mohammad Mahdi and Khatami, Mostafa and Salehipour, Amir and Cheng, TCE},
  journal={Available at SSRN 3619567},
  year={2020}
}

% @Article{MPOSS:2020:X,
% title =         {Multiprocessor open shop problem: literature review and future directions},
% howpublished="\url{https://www.springerprofessional.de/en/multiprocessor-open-shop-problem-literature-review-and-future-di/18051704}",
% }

@article{adakmultiprocessor,
  title={Multiprocessor open shop problem: literature review and future directions},
  author={Adak, Zeynep and Akan, Mahmure {\"O}v{\"u}l Ar{\i}o{\u{g}}lu and Bulkan, Serol},
  publisher={Springer}
}

% @Article{OVERLAP:1993:X,
% title={Openshops with jobs overlap},
% howpublished="\url{https://www.sciencedirect.com/science/article/abs/pii/037722179390347P}",
% }

@article{wagneur1993openshops,
  title={Openshops with jobs overlap},
  author={Wagneur, Edouard and Sriskandarajah, Chelliah},
  journal={European Journal of Operational Research},
  volume={71},
  number={3},
  pages={366--378},
  year={1993},
  publisher={Elsevier}
}


% @Book{GRAVES:1970:X,
% title={A Review of Production Scheduling},
% howpublished="\url{https://dl.acm.org/doi/abs/10.1287/opre.29.4.646}",
% }

@article{graves1981review,
  title={A review of production scheduling},
  author={Graves, Stephen C},
  journal={Operations research},
  volume={29},
  number={4},
  pages={646--675},
  year={1981},
  publisher={INFORMS}
}


% @Article{SEQSCHE:1973:X,
% title={Sequencing and scheduling : algorithms and complexity},
% howpublished="\url{https://research.tue.nl/en/publications/sequencing-and-scheduling-algorithms-and-complexity-2}",
% }

@article{lawler1993sequencing,
  title={Sequencing and scheduling: Algorithms and complexity},
  author={Lawler, Eugene L and Lenstra, Jan Karel and Kan, Alexander HG Rinnooy and Shmoys, David B},
  journal={Handbooks in operations research and management science},
  volume={4},
  pages={445--522},
  year={1993},
  publisher={Elsevier}
}


% @Article{CURTRE:1997:X,
% title={Current trends in deterministic scheduling},
% howpublished="\url{https://link.springer.com/article/10.1023/A:1018909801944}",
% }

@article{lee1997current,
  title={Current trends in deterministic scheduling},
  author={Lee, Chung-Yee and Lei, Lei and Pinedo, Michael},
  journal={Annals of operations Research},
  volume={70},
  pages={1--41},
  year={1997},
  publisher={Springer}
}

% todo: check

% @Article(MOSS1:2009:X,
% title={Approximation algorithms for the multiprocessor open shop scheduling problem},
% howpublished="\url{https://www.sciencedirect.com/science/article/abs/pii/S016763779900005X}",
% }

@article{schuurman1999approximation,
  title={Approximation algorithms for the multiprocessor open shop scheduling problem},
  author={Schuurman, Petra and Woeginger, Gerhard J},
  journal={Operations Research Letters},
  volume={24},
  number={4},
  pages={157--163},
  year={1999},
  publisher={Elsevier}
}


% @Artilce{CHOSS:1993:X,
% title={Constructive heuristic algorithms for the open shop problem},
% howpublished="\url{https://link.springer.com/article/10.1007/BF02243845}",
% }

@article{brasel1993constructive,
  title={Constructive heuristic algorithms for the open shop problem},
  author={Br{\"a}sel, Heidemarie and Tautenhahn, Thomas and Werner, Frank},
  journal={Computing},
  volume={51},
  number={2},
  pages={95--110},
  year={1993},
  publisher={Springer}
}


% @Article{GRACOL:2016:X,
% title={Partially Concurrent Open Shop Scheduling and Graph Colourings},
% howpublished="\url{https://www.researchgate.net/publication/281837610_Partially-Concurrent_Open_Shop_Scheduling}",
% }

@inproceedings{ilani2016partially,
  title={Partially concurrent open shop scheduling and graph colourings},
  author={Ilani, Hagai and Shufan, Elad and Grinshpoun, Tal},
  booktitle={Proceedings of the 11th international conference of the practice and theory of automated timetabling (PATAT)},
  pages={195--205},
  year={2016}
}


% @Article{RESTR:2018:X,
% title={Partially Concurrent Open Shop Scheduling with Preemption and Limited Resources},
% howpublished="\url{https://www.semanticscholar.org/paper/Concurrent-Open-Shop-Scheduling-with-Preemption-and-Ilani-Grinshpoun/4935aafedaec5a14d29fa0386c92a6470e7779bd}",
}

@article{ilani2018partially,
  title={Partially concurrent open shop scheduling with preemption and limited resources},
  author={Ilani, Hagai and Grinshpoun, Tal and Shufan, Elad},
  year={2018}
}


@Article{PANDAS1:2011:X,
title={pandas: a Foundational Python Library for DataAnalysis and Statistics},
howpublished="\url{https://www.dlr.de/sc/Portaldata/15/Resources/dokumente/pyhpc2011/submissions/pyhpc2011_submission_9.pdf}",
}

@Article{PANDAS2:2020:X,
title={About pandas},
howpublished="\url{https://pandas.pydata.org/about/index.html}",
}

@Article{NUMPY1:2020:X,
title={About Us},
howpublished="\url{https://numpy.org/about/}",
}

@Article{NUMPY2:1999:X,
title={Numerical Python},
howpublished="\url{http://www.cs.mcgill.ca/~hv/articles/Numerical/numpy.pdf}",
}

@Article{RDB1:2020:X,
title={What Is a Relational Database?},
howpublished="\url{https://www.oracle.com/database/what-is-a-relational-database/}",
}

@Article{RDB2:2020:X,
title={What is a relational database?},
howpublished="\url{https://www.ibm.com/analytics/relational-database}",
}

@Article{RDB3:2010:X,
title={A Quick-Start Tutorial on Relational Database Design},
howpublished="\url{https://www3.ntu.edu.sg/home/ehchua/programming/sql/Relational_Database_Design.html}",
}

@Article{MOORE:1965:X,
title={Cramming more components onto integrated circuits},
howpublished="\url{https://newsroom.intel.com/wp-content/uploads/sites/11/2018/05/moores-law-electronics.pdf}",
}

@Article{NOTMOORE:2020:X,
title={Weâre not prepared for the end of Mooreâs Law},
howpublished="\url{https://www.technologyreview.com/2020/02/24/905789/were-not-prepared-for-the-end-of-moores-law/}",
}

% @Article{LAVMAR:2005:X,
% title={A Brief Description of the Levenberg-Marquardt Algorithm Implemened by levmar},
% howpublished="\url{https://www.researchgate.net/publication/239328019_A_Brief_Description_of_the_Levenberg-Marquardt_Algorithm_Implemened_by_levmar/}",
% }

@article{lourakis2005brief,
  title={A brief description of the Levenberg-Marquardt algorithm implemented by levmar},
  author={Lourakis, Manolis IA and others},
  journal={Foundation of Research and Technology},
  volume={4},
  number={1},
  pages={1--6},
  year={2005}
}

@article{jackson1956extension,
  title={An extension of Johnson's results on job IDT scheduling},
  author={Jackson, James R and others},
  journal={Naval Research Logistics Quarterly},
  volume={3},
  number={3},
  pages={201--203},
  year={1956},
  publisher={John Wiley \& Sons}
}


@manual{Senn:2009,
  title  = "Using {\LaTeX} for Your Thesis",
  author = "Mark Senn",
  url    = "http://engineering.purdue.edu/~mark/puthesis",
  year   = "2009 (accessed February 3, 2014)"
}

@article{brucker1999scheduling,
  title={Scheduling algorithms},
  author={Brucker, Peter},
  journal={Journal-Operational Research Society},
  volume={50},
  pages={774--774},
  year={1999},
  publisher={Springer}
}

@article{furmanczyk2020wyklad1,
title={Szeregowanie zadaÅ, wykÅad 1},
author={Hanna FurmaÅczyk},
url="https://sigma.ug.edu.pl/~hanna/szeregowanie/szer_1.pdf",
year="2020 (accessed June 20, 2020)"
}

@incollection{graham1979optimization,
  title={Optimization and approximation in deterministic sequencing and scheduling: a survey},
  author={Graham, Ronald L and Lawler, Eugene L and Lenstra, Jan Karel and Kan, AHG Rinnooy},
  booktitle={Annals of discrete mathematics},
  volume={5},
  pages={287--326},
  year={1979},
  publisher={Elsevier}
}

@book{drozdowski2009scheduling,
  title={Scheduling for parallel processing},
  author={Drozdowski, Maciej},
  volume={18},
  year={2009},
  publisher={Springer}
}

@article{brasel2008heuristic,
  title={Heuristic constructive algorithms for open shop scheduling to minimize mean flow time},
  author={Br{\"a}sel, Heidemarie and Herms, Andr{\'e} and M{\"o}rig, Marc and Tautenhahn, Thomas and Tusch, Jan and Werner, Frank},
  journal={European Journal of Operational Research},
  volume={189},
  number={3},
  pages={856--870},
  year={2008},
  publisher={Elsevier}
}

@article{diestel2010graph,
  title={Graph theory},
  author={Diestel, Reinhard and Schrijver, Alexander and Seymour, Paul},
  journal={Oberwolfach Reports},
  volume={7},
  number={1},
  pages={521--580},
  year={2010}
}

@incollection{grotschel1984polynomial,
  title={Polynomial algorithms for perfect graphs},
  author={Gr{\"o}tschel, Martin and Lov{\'a}sz, L{\'a}szl{\'o} and Schrijver, Alexander},
  booktitle={North-Holland mathematics studies},
  volume={88},
  pages={325--356},
  year={1984},
  publisher={Elsevier}
}

@article{hansen1993bounded,
  title={Bounded vertex colorings of graphs},
  author={Hansen, Pierre and Hertz, Alain and Kuplinsky, Julio},
  journal={Discrete Mathematics},
  volume={111},
  number={1-3},
  pages={305--312},
  year={1993},
  publisher={Elsevier}
}
