@online{Forbes:2018:FBS,
  author={Bernard Marr},
  title={How Much Data Do We Create Every Day? {The} Mind-Blowing Stats Everyone Should Read},
  howpublished="\url{https://www.forbes.com/sites/bernardmarr/2018/05/21/how-much-data-do-we-create-every-day-the-mind-blowing-stats-everyone-should-read/#2f2622d560ba/}",
  year={2018},
  note="[dostęp 20 czerwca 2020]",
}

@inproceedings{grinshpoun2014partially,
  title={Partially-concurrent open shop scheduling},
  author={Grinshpoun, Tal and Ilani, Hagai and Shufan, Elad},
  booktitle={Proceedings of the 10th International Conference of the Practice and Theory of Automated Timetabling (PATAT)},
  pages={188--201},
  year={2014},
}

@online{MW:TAB,
  title={{Merriam-Webster} tabular definition},
  howpublished="\url{https://www.merriam-webster.com/dictionary/tabular}",
  note="[dostęp 20 czerwca 2020]",
}

@online{P:DF,
  title={pandas {DataFrame} reference},
  howpublished="\url{https://pandas.pydata.org/docs/reference/frame.html}",
  note="[dostęp 20 czerwca 2020]",
}

@online{PSQL:TAB,
  title={{PostgreSQL}: Documentation: 13: {Appendix} {M.} {Glossary}},
  howpublished="\url{https://www.postgresql.org/docs/13/glossary.html}",
  note="[dostęp 20 czerwca 2020]",
}

@article{ahmadian2020four,
  title={Four Decades of Research on the Open-Shop Scheduling Problem to Minimize the Make-span},
  author={Ahmadian, Mohammad Mahdi and Khatami, Mostafa and Salehipour, Amir and Cheng, T.C.E.},
  journal={Available at SSRN 3619567},
  year={2020},
}

@article{adakmultiprocessor,
  author = {Adak, Zeynep and Akan, Mahmure and Bulkan, Serol},
  year = {2020},
  pages = {},
  title = {Multiprocessor open shop problem: literature review and future directions},
  journal = {Journal of Combinatorial Optimization},
  doi = {10.1007/s10878-020-00591-3},
}

@article{article,
 author={Adak, Zeynep and Akan, Mahmure {\"O}v{\"u}l Ar{\i}o{\u{g}}lu and Bulkan, Serol},
  year = {2020},
  pages = {},
  title = {Multiprocessor open shop problem: literature review and future directions},
  journal = {Journal of Combinatorial Optimization},
  doi = {10.1007/s10878-020-00591-3},
}

@article{wagneur1993openshops,
  title={Openshops with jobs overlap},
  author={Wagneur, Edouard and Sriskandarajah, Chelliah},
  journal={European Journal of Operational Research},
  number={3},
  pages={366--378},
  year={1993},
  publisher={Elsevier},
}

@article{graves1981review,
  title={A review of production scheduling},
  author={Graves, Stephen C.},
  journal={Operations Research},
  number={4},
  pages={646--675},
  year={1981},
  publisher={INFORMS},
}

@article{lawler1993sequencing,
  title={Sequencing and scheduling: Algorithms and complexity},
  author={Lawler, Eugene L. and Lenstra, Jan Karel and Kan, Alexander H.G. Rinnooy and Shmoys, David B.},
  journal={Handbooks in operations research and management science},
  pages={445--522},
  year={1993},
  publisher={Elsevier},
}

@article{lee1997current,
  title={Current trends in deterministic scheduling},
  author={Lee, Chung-Yee and Lei, Lei and Pinedo, Michael},
  journal={Annals of operations Research},
  pages={1--41},
  year={1997},
  publisher={Springer},
}

@article{schuurman1999approximation,
  title={Approximation algorithms for the multiprocessor open shop scheduling problem},
  author={Schuurman, Petra and Woeginger, Gerhard J.},
  journal={Operations Research Letters},
  number={4},
  pages={157--163},
  year={1999},
  publisher={Elsevier},
}

@article{brasel1993constructive,
  title={Constructive heuristic algorithms for the open shop problem},
  author={Br{\"a}sel, Heidemarie and Tautenhahn, Thomas and Werner, Frank},
  journal={Computing},
  number={2},
  pages={95--110},
  year={1993},
  publisher={Springer},
}

@inproceedings{ilani2016partially,
  title={Partially concurrent open shop scheduling and graph colourings},
  author={Ilani, Hagai and Shufan, Elad and Grinshpoun, Tal},
  booktitle={Proceedings of the 11th International Conference of the Practice and Theory of Automated Timetabling (PATAT)},
  pages={195--205},
  year={2016},
}

@article{ilani2018partially,
  title={Partially concurrent open shop scheduling with preemption and limited resources},
  author={Ilani, Hagai and Grinshpoun, Tal and Shufan, Elad},
  year={2018},
}

@online{PANDAS1:2011:X,
  title={pandas: a Foundational {Python} Library for Data Analysis and Statistics},
  howpublished="\url{https://www.dlr.de/sc/Portaldata/15/Resources/dokumente/pyhpc2011/submissions/pyhpc2011_submission_9.pdf}",
  note="[dostęp 20 czerwca 2020]",
}

@online{PANDAS2:2020:X,
  title={About pandas},
  howpublished="\url{https://pandas.pydata.org/about/index.html}",
  note="[dostęp 20 czerwca 2020]",
}

@online{NUMPY1:2020:X,
  title="{About Us}",
  howpublished="\url{https://numpy.org/about/}",
  note="[dostęp 20 czerwca 2020]",
}

@online{NUMPY2:1999:X,
  title="{Numerical Python}",
  howpublished="\url{http://www.cs.mcgill.ca/~hv/articles/Numerical/numpy.pdf}",
  note="[dostęp 20 czerwca 2020]",
}

@online{RDB1:2020:X,
  title={What Is a Relational Database?},
  howpublished="\url{https://www.oracle.com/database/what-is-a-relational-database/}",
  note="[dostęp 20 czerwca 2020]",
}

@online{RDB2:2020:X,
  title={What is a relational database?},
  howpublished="\url{https://www.ibm.com/analytics/relational-database}",
  note="[dostęp 20 czerwca 2020]",
}

@online{RDB3:2010:X,
  title={A Quick-Start Tutorial on Relational Database Design},
  howpublished="\url{https://www3.ntu.edu.sg/home/ehchua/programming/sql/Relational_Database_Design.html}",
  note="[dostęp 20 czerwca 2020]",
}

@online{MOORE:1965:X,
  title={Cramming more components onto integrated circuits},
  howpublished="\url{https://newsroom.intel.com/wp-content/uploads/sites/11/2018/05/moores-law-electronics.pdf}",
  note="[dostęp 20 czerwca 2020]",
}

@online{NOTMOORE:2020:X,
  title={We’re not prepared for the end of {Moore’s Law}},
  howpublished="\url{https://www.technologyreview.com/2020/02/24/905789/were-not-prepared-for-the-end-of-moores-law/}",
  note="[dostęp 20 czerwca 2020]",
}

@article{lourakis2005brief,
  title={A brief description of the {Levenberg-Marquardt} algorithm implemented by levmar},
  author={Lourakis, Manolis I.A. and others},
  journal={Foundation of Research and Technology},
  number={1},
  pages={1--6},
  year={2005},
}

@article{jackson1956extension,
  title={An extension of {Johnson's} results on job {IDT} scheduling},
  author={Jackson, James R.},
  journal={Naval Research Logistics Quarterly},
  number={3},
  pages={201--203},
  year={1956},
  publisher={John Wiley \& Sons},
}

@Book{brucker2007scheduling,
 author = {Brucker, Peter},
 title = {Scheduling algorithms},
 publisher = {Springer},
 year = {2007},
 address = {Berlin New York},
 isbn = {978-3-540-69516-5}
 }

@incollection{graham1979optimization,
  title={Optimization and approximation in deterministic sequencing and scheduling: a survey},
  author={Graham, Ronald L. and Lawler, Eugene L. and Lenstra, Jan Karel and Kan, A.H.G. Rinnooy},
  booktitle={Annals of Discrete Mathematics},
  pages={287--326},
  year={1979},
  publisher={Elsevier},
}

@book{drozdowski2009scheduling,
  title={Scheduling for parallel processing},
  author={Drozdowski, Maciej},
  year={2009},
  publisher={Springer},
}

@article{brasel2008heuristic,
  title={Heuristic constructive algorithms for open shop scheduling to minimize mean flow time},
  author={Br{\"a}sel, Heidemarie and Herms, Andr{\'e} and M{\"o}rig, Marc and Tautenhahn, Thomas and Tusch, Jan and Werner, Frank},
  journal={European Journal of Operational Research},
  number={3},
  pages={856--870},
  year={2008},
  publisher={Elsevier},
}

@article{diestel2010graph,
  title={Graph theory},
  author={Diestel, Reinhard and Schrijver, Alexander and Seymour, Paul},
  journal={Oberwolfach Reports},
  number={1},
  pages={521--580},
  year={2010},
}

@incollection{grotschel1984polynomial,
  title={Polynomial algorithms for perfect graphs},
  author={Gr{\"o}tschel, Martin and Lov{\'a}sz, L{\'a}szl{\'o} and Schrijver, Alexander},
  booktitle={North-Holland mathematics studies},
  pages={325--356},
  year={1984},
  publisher={Elsevier},
}

@article{hansen1993bounded,
  title={Bounded vertex colorings of graphs},
  author={Hansen, Pierre and Hertz, Alain and Kuplinsky, Julio},
  journal={Discrete Mathematics},
  number={1-3},
  pages={305--312},
  year={1993},
  publisher={Elsevier},
}

@online{parquet,
  title="{Apache Parquet}",
  howpublished="\url{https://parquet.apache.org/documentation/latest/}",
  note="[dostęp 20 czerwca 2020]",
}

@book{sadrozinski2016applications,
  title={Applications of field-programmable gate arrays in scientific research},
  author={Sadrozinski, Hartmut F.-W. and Wu, Jinyuan},
  year={2016},
  publisher={CRC Press},
}

@article{taillard1993benchmarks,
  title={Benchmarks for basic scheduling problems},
  author={Taillard, Eric},
  journal={European Journal of Operational Research},
  number={2},
  pages={278--285},
  year={1993},
  publisher={Elsevier},
}

@online{linq,
  title={{Language-Integrated} {Query} {(LINQ)} {(C\#)} | {Microsoft} {Docs}},
  howpublished="\url{https://docs.microsoft.com/en-us/dotnet/csharp/programming-guide/concepts/linq/}",
  note="[dostęp 20 czerwca 2020]",
}

@online{dask,
  title={{Dask} — {Dask} documentation},
  howpublished="\url{https://docs.dask.org/en/latest/}",
  note="[dostęp 20 czerwca 2020]",
}

@incollection{brasel2006matrices,
  title={Matrices in shop scheduling problems},
  author={Br{\"a}sel, Heidemarie},
  booktitle={Perspectives on operations research},
  pages={17--41},
  year={2006},
  publisher={Springer},
}

@online{scipyoptimize,
  title={},
  howpublished="\url{https://docs.scipy.org/doc/scipy/reference/optimize.html}",
  note="[dostęp 20 czerwca 2020]",
}
